<record xmlns="http://www.loc.gov/MARC21/slim" xmlns:xsi="http://www.w3.org/2001/XMLSchema-instance" xsi:schemaLocation="http://www.loc.gov/MARC21/slim http://www.loc.gov/standards/marcxml/schema/MARC21slim.xsd">

  <leader>00825nam a22002057a 4500</leader>
  <controlfield tag="008">160527b2013    cr ||||| |||| 00| | spa d</controlfield>
  <datafield tag="020" ind2=" " ind1=" ">
    <subfield code="a">9789977152400</subfield>
  </datafield>
  <datafield tag="090" ind2=" " ind1=" ">
    <subfield code="a">13.09.09 </subfield>
    <subfield code="b">438 </subfield>
  </datafield>
  <datafield ind1="1" ind2=" " tag="100">
    <subfield code="9">919</subfield>
    <subfield code="a">Arias Monge, Mónica</subfield>
  </datafield>
  <datafield ind1="1" ind2="0" tag="245">
    <subfield code="a">Modelos pedagógicos de formación docente en la Universidad de Costa Rica: precisiones, historia y desafíos /</subfield>
    <subfield code="c">Mónica Arias Monge, Susan Francis Salazar, Patricia Marín Sánchez</subfield>
  </datafield>
  <datafield ind2=" " ind1=" " tag="260">
    <subfield code="a">San José, Costa Rica :  </subfield>
    <subfield code="b">Universidad de Costa Rica, Departamento de Docencia Universitaria,</subfield>
    <subfield code="c">2013</subfield>
  </datafield>
  <datafield ind1=" " ind2=" " tag="300">
    <subfield code="a">61 páginas</subfield>
  </datafield>
  <datafield ind2="0" ind1="1" tag="610">
    <subfield code="9">714</subfield>
    <subfield code="a">UNIVERSIDAD DE COSTA RICA</subfield>
  </datafield>
  <datafield ind1="1" ind2="4" tag="650">
    <subfield code="9">9</subfield>
    <subfield code="a">FORMACIÓN DE DOCENTES</subfield>
  </datafield>
  <datafield ind1="1" ind2="4" tag="650">
    <subfield code="9">331</subfield>
    <subfield code="a">DOCENTES</subfield>
  </datafield>
  <datafield ind2="4" ind1="1" tag="650">
    <subfield code="9">8</subfield>
    <subfield code="a">EDUCACIÓN SUPERIOR</subfield>
  </datafield>
  <datafield tag="700" ind1="1" ind2=" ">
    <subfield code="9">1114</subfield>
    <subfield code="a">Marín Sánchez, Patricia </subfield>
  </datafield>
  <datafield ind2=" " ind1="1" tag="700">
    <subfield code="9">557</subfield>
    <subfield code="a">Francis Salazar, Susan</subfield>
  </datafield>
  <datafield tag="942" ind1=" " ind2=" ">
    <subfield code="2">z</subfield>
    <subfield code="c">01</subfield>
  </datafield>
  <datafield tag="999" ind1=" " ind2=" ">
    <subfield code="c">3235</subfield>
    <subfield code="d">3235</subfield>
  </datafield>
</record>